% This file was created with JabRef 2.3.1.
% Encoding: Cp1252

@misc{Basics2017,
	author = {min Basics, 10},
	title = {{Unity3d collider types}},
	timestamp = {2017.10.05},
	url = {http://10minbasics.com/unity3d-collider-types/},
	note = {Acessado em 5 de outubro de 2017},
	year = {2017}
}

@misc{KritaFoundation2017,
	author = {{Krita Foundation}},
	title = {{Krita}},
	timestamp = {2017.10.08},
	url = {https://krita.org/en/},
	note = {Acessado em 8 de outubro de 2017},
	year = {2017}
}

@misc{Morris2017,
	author = {Morris, Alex},
	title = {{How The Rise of Indie Games Has Revitalized the Video Game Industry}},
	timestamp = {2017.10.05},
	url = {https://www.allbusiness.com/indie-games-video-game-industry-101485-1.html},
	note = {Acessado em 5 de outubro de 2017},
	year = {2017}
}

@misc{Silveira2017,
	author = {Silveira, Daniel},
	title = {{N{\'{u}}mero de desenvolvedores de games cresce 600{\%} em 8 anos, diz associa{\c{c}}{\~{a}}o}},
	timestamp = {2017.10.08},
	url = {https://g1.globo.com/economia/negocios/noticia/numero-de-desenvolvedores-de-games-cresce-600-em-8-anos-diz-associacao.ghtml},
	note = {Acessado em 8 de outubro de 2017},
	year = {2017}
}

@article{fleury2014censo,
	title={I Censo da Ind{\'u}stria Brasileira de Jogos Digitais},
	author={Fleury, Afonso and Sakuda, Luiz Ojima and CORDEIRO, Jos{\'e} Henrique Dell Osso},
	journal={NPGT-USP e BNDES: S{\~a}o Paulo e Rio de Janeiro},
	year={2014}
}

@book{Santee2005,
	author = {Santee, Andr{\'{e}}},
	editor = {Novatec},
	pages = {400},
	title = {{Programa{\c{c}}{\~{a}}o de Jogos com C++ e DirectX}},
	year = {2005}
}

@misc{UnityTechnologies2017,
	author = {{Unity Technologies}},
	title = {{Unity Manual}},
	timestamp = {2017.08.28},
	url = {https://docs.unity3d.com},
	note = {Acessado em 28 de agosto de 2017},
	year = {2017}
}

@ARTICLE{Klosowski1998, 
	author={J. T. Klosowski and M. Held and J. S. B. Mitchell and H. Sowizral and K. Zikan}, 
	journal={IEEE Transactions on Visualization and Computer Graphics}, 
	title={Efficient collision detection using bounding volume hierarchies of k-DOPs}, 
	year={1998}, 
	volume={4}, 
	number={1}, 
	pages={21-36}, 
	keywords={computational geometry;data visualisation;real-time systems;trees (mathematics);user interfaces;virtual reality;BV-trees;bounding volume hierarchies;bounding-volume hierarchies;collision detection;computer graphics;convex polytope;discrete orientation polytope;geometric model;geometric objects;haptic force feedback;k-DOP;moving objects;real-time;virtual reality;visualization;Application software;Computational modeling;Computer graphics;Detection algorithms;Face detection;Haptic interfaces;Object detection;Solid modeling;Virtual environment;Visualization}, 
	doi={10.1109/2945.675649}, 
	ISSN={1077-2626}, 
	month={Jan},}

@misc{Reichert2012,
	author = {Reichert, Kate},
	title = {{Top 5 Problems Faced By Indie Game Developers}},
	timestamp = {2017.10.05},
	url = {https://goo.gl/jj6yhp},
	note = {Acessado em 5 de outubro de 2017},
	year = {2012}
}

@misc{Moromisato2013,
	author = {Moromisato, George},
	title = {{What is the biggest problem you face as a independent game developer?}},
	timestamp = {2017.10.05},
	url = {https://www.quora.com/What-is-the-biggest-problem-you-face-as-a-independent-game-developer},
	note = {Acessado em 5 de outubro de 2017},
	year = {2013}
}

@misc{Banerjee2017,
	author = {Banerjee, Souvik},
	keywords = {Apps,Developer,Development,Mobile App Development,Mobile Application Development,Software,Software Tool,Video Games,Web Development,multiplayer game},
	title = {{7 Most Popular Game Development Engines You Should Consider}},
	timestamp = {2017.10.05},
	url = {https://www.rswebsols.com/tutorials/software-tutorials/popular-game-development-engines},
	note = {Acessado em 5 de outubro de 2017},
	year = {2017}
}

@misc{Unity2017,
	author = {{Unity Technologies}},
	title = {{Unity - Game Engine}},
	timestamp = {2017.08.28},
	url = {https://unity3d.com/},
	note = {Acessado em 28 de agosto de 2017},
	year = {2017}
}

@INPROCEEDINGS{6297290, 
	author={K. W. Ng and Y. W. Yeap and Y. H. Tan and K. I. Ghauth}, 
	booktitle={2012 International Conference on Computer Information Science (ICCIS)}, 
	title={Collision detection optimization on mobile device for shoot'em up game}, 
	year={2012}, 
	volume={1}, 
	number={}, 
	pages={464-468}, 
	keywords={computer games;mobile computing;Android;Apple;collision detection optimization;game developer;game development field;massive hit testing;mobile device;resource handling;shoot'em up game;shooting games;Algorithm design and analysis;Computers;Games;Information science;Mobile handsets;Projectiles;Xenon;Collision Detection;Mobile Device;Optimization}, 
	doi={10.1109/ICCISci.2012.6297290}, 
	ISSN={}, 
	month={June},}

@INPROCEEDINGS{5453586, 
	author={K. Guo and J. Xia}, 
	booktitle={2010 Third International Symposium on Intelligent Information Technology and Security Informatics}, 
	title={An Improved Algorithm of Collision Detection in 2D Grapple Games}, 
	year={2010}, 
	volume={}, 
	number={}, 
	pages={328-331}, 
	keywords={Boolean algebra;collision avoidance;computer games;2D Grapple games;Boolean judgment;axis-aligned circle;axis-aligned rectangle;collision detection;collision handling;Algorithm design and analysis;Computational modeling;Computer aided manufacturing;Computer simulation;Detection algorithms;Informatics;Information security;Information technology;Object detection;Shape;algorithm;collision detection;coordinate;rectangular areas}, 
	doi={10.1109/IITSI.2010.176}, 
	ISSN={}, 
	month={April},}

@article{eberly2002dynamic,
	title={Dynamic collision detection using oriented bounding boxes},
	author={Eberly, David},
	journal={Geometric Tools, Inc},
	year={2002}
}

@misc{Eichner2014,
	author = {Eichner, Hubert},
	title = {{Game Physics - 2D Collision Detction}},
	url = {http://myselph.de/gamePhysics/collisionDetection.html},
	note = {Acessado em 10 de outubro de 2017},
	year = {2014}
}

@book{Ericson2004,
	author = {Ericson, Christer},
	edition = {1},
	editor = {{MORGAN KAUFMANN}},
	pages = {593},
	title = {{REAL-TIME COLLISION DETECTION}},
	year = {2004}
}

@misc{Serrano2016,
	author = {Serrano, Harold},
	title = {{How does a Physics Engine work? An Overview}},
	url = {https://www.haroldserrano.com/blog/how-a-physics-engine-works-an-overview},
	note = {Acessado em 10 de outubro de 2017},
	year = {2016}
}

@misc{Kacer2011,
	author = {Kacer},
	title = {{Raycast and Linecast - Unity Answers}},
	url = {http://answers.unity3d.com/questions/164770/raycast-and-linecast.html},
	note = {Acessado em 10 de outubro de 2017},
	year = {2011}
}

@misc{DigiScot2015,
	author = {DigiScot},
	title = {{Difference between Linecast and Raycast - Unity Answers}},
	url = {http://answers.unity3d.com/questions/848189/difference-between-linecast-and-raycast.html},
	urldate = {Acessado em 10 de outubro de 2017},
	year = {2015}
}

@misc{Dopertchouk2000,
	author = {Dopertchouk, Oleg},
	title = {{Simple Bounding-Sphere Collision Detection}},
	url = {https://www.gamedev.net/articles/programming/math-and-physics/simple-bounding-sphere-collision-detection-r1234/},
	urldate = {Acessado em 10 de outubro de 2017},
	year = {2000}
}

@book{de2008computational,
	title={Computational Geometry: Introduction},
	author={De Berg, Mark and Cheong, Otfried and Van Kreveld, Marc and Overmars, Mark},
	year={2008},
	publisher={Springer}
}

@article{chazelle1993optimal,
	title={An optimal convex hull algorithm in any fixed dimension},
	author={Chazelle, Bernard},
	journal={Discrete \& Computational Geometry},
	volume={10},
	number={1},
	pages={377--409},
	year={1993},
	publisher={Springer}
}

@article{lucchese2009conceituacao,
	title={Conceituacao de jogos digitais},
	author={Lucchese, Fabiano and Ribeiro, Bruno},
	journal={Sao Paulo},
	year={2009}
}